<?xml version="1.0" encoding="UTF-8"?><collection xmlns="http://www.loc.gov/MARC21/slim"><record><leader>00438nam--2200169-i-4500</leader><controlfield tag="001">000008158</controlfield><controlfield tag="002">20161230</controlfield><controlfield tag="005">20161230201027</controlfield><controlfield tag="008">060222s1000------------r-----000-0-eng-d</controlfield><datafield ind1=" " ind2=" " tag="040"><subfield code="a">IFIN-HH</subfield></datafield><datafield ind1=" " ind2=" " tag="080"><subfield code="a">535.42</subfield></datafield><datafield ind1="1" ind2=" " tag="100"><subfield code="a">Braddick, H. J. J</subfield></datafield><datafield ind1="1" ind2="0" tag="245"><subfield code="a">Vibrations, waves and diffraction</subfield><subfield code="c">H.j.j. bradduck</subfield></datafield><datafield ind1=" " ind2=" " tag="260"><subfield code="a">London</subfield><subfield code="b">Mcgraw-hill Publ,Co,Ltd</subfield><subfield code="c">1965</subfield></datafield><datafield ind1=" " ind2=" " tag="300"><subfield code="a">X+217P</subfield></datafield><datafield ind1=" " ind2=" " tag="852"><subfield code="a">20625</subfield><subfield code="c">53</subfield></datafield><datafield ind1=" " ind2=" " tag="CAT"><subfield code="a">Sys</subfield><subfield code="c">20150217</subfield><subfield code="h">224540</subfield></datafield></record></collection>